@misc{sabharwal2011s,
  title={S. russell, p. norvig, artificial intelligence: A modern approach},
  author={Sabharwal, Ashish and Selman, Bart},
  year={2011},
  publisher={Elsevier}
}